<?xml version="1.0" encoding="UTF-8"?><record xmlns="http://www.loc.gov/MARC21/slim" xmlns:cinclude="http://apache.org/cocoon/include/1.0" xmlns:zs="http://www.loc.gov/zing/srw/">
  <leader>00517nz  a2200145n  4500</leader>
  <controlfield tag="001">nr 96024979 </controlfield>
  <controlfield tag="003">DLC</controlfield>
  <controlfield tag="005">19960712052137.1</controlfield>
  <controlfield tag="008">960710n| acannaab|          |a aaa     c</controlfield>
  <datafield tag="010" ind1=" " ind2=" ">
    <subfield code="a">nr 96024979 </subfield>
  </datafield>
  <datafield tag="040" ind1=" " ind2=" ">
    <subfield code="a">NIC</subfield>
    <subfield code="c">NIC</subfield>
  </datafield>
  <datafield tag="100" ind1="0" ind2="0">
    <subfield code="a">Sibanah Omar Abdullah</subfield>
  </datafield>
  <datafield tag="400" ind1="1" ind2="0">
    <subfield code="a">Abdullah, Sibanah Omar</subfield>
  </datafield>
  <datafield tag="400" ind1="0" ind2="0">
    <subfield code="a">Sibanah O. Abdullah</subfield>
    <subfield code="q">(Sibanah Omar Abdullah)</subfield>
  </datafield>
  <datafield tag="670" ind1=" " ind2=" ">
    <subfield code="a">Compilation of selected statistics in Mindanao, 1985:</subfield>
    <subfield code="b">t.p. (Sibanah Omar Abdullah, Al-haj) cover (Sibanah Omar Abdullah) acknowledgement (Sibanah O. Abdullah)</subfield>
  </datafield>
</record>